<record xmlns='http://www.loc.gov/MARC21/slim'><leader>01622ntm a2200325 i 4500</leader><controlfield tag='001'>991058292465206011</controlfield><controlfield tag='005'>20220413123459.0</controlfield><controlfield tag='008'>220408s1679    enk           000 0 eng d</controlfield><datafield ind1=' ' ind2=' ' tag='035'><subfield code='a'>(OCoLC)1309890247h</subfield></datafield><datafield ind1=' ' ind2=' ' tag='035'><subfield code='a'>(OCoLC)on1309890247h</subfield></datafield><datafield ind1=' ' ind2=' ' tag='040'><subfield code='a'>HRH</subfield><subfield code='b'>eng</subfield><subfield code='e'>dcrmmss</subfield><subfield code='c'>HRH</subfield></datafield><datafield ind1=' ' ind2=' ' tag='049'><subfield code='a'>HRHH</subfield></datafield><datafield ind1=' ' ind2='9' tag='099'><subfield code='a'>MS 3327, Container 235</subfield></datafield><datafield ind1='1' ind2=' ' tag='100'><subfield code='a'>Courthope, George, Sir,</subfield><subfield code='d'>1616-1685,</subfield><subfield code='e'>author.</subfield></datafield><datafield ind1='1' ind2='0' tag='245'><subfield code='a'>Memoirs of Sir George Courthope :</subfield><subfield code='k'>autograph manuscript.</subfield></datafield><datafield ind1='1' ind2='6' tag='246'><subfield code='a'>Memoires of Sr. Geo: Courthop ye onely sonne of Sr: George Courthop of Whiligh in ye County of Sussex who departed this life ye day and yeare</subfield></datafield><datafield ind1=' ' ind2='0' tag='264'><subfield code='a'>England (Sussex) ;</subfield><subfield code='c'>1679</subfield></datafield><datafield ind1=' ' ind2=' ' tag='300'><subfield code='a'>1 volume (13 leaves) ;</subfield><subfield code='c'>32 x 21 cm</subfield></datafield><datafield ind1=' ' ind2=' ' tag='500'><subfield code='a'>Title devised by cataloger; date conjectured from bookseller&apos;s description.</subfield></datafield><datafield ind1=' ' ind2=' ' tag='500'><subfield code='a'>Caption: &apos;Memoires of Sr. Geo: Courthop ye onely sonne of Sr: George Courthop of Whiligh in ye County of Sussex who departed this life ye day and yeare&apos;.</subfield></datafield><datafield ind1=' ' ind2=' ' tag='500'><subfield code='a'>Paginated 1-26.</subfield></datafield><datafield ind1=' ' ind2=' ' tag='590'><subfield code='a'>MS 3327, Container 235: Several leaves disbound. Burn mark on several leaves, affecting text on leaf 4. Accompanied with manuscript is The memoirs of Sir George Courthop 1616-1685, London Offices of the Royal Historical Society, 1907.</subfield></datafield><datafield ind1=' ' ind2='0' tag='650'><subfield code='a'>Grand tours (Education)</subfield></datafield><datafield ind1=' ' ind2='7' tag='655'><subfield code='a'>Memoirs.</subfield><subfield code='2'>rbgenr</subfield></datafield><datafield ind1=' ' ind2=' ' tag='752'><subfield code='a'>Great Britain</subfield><subfield code='b'>England</subfield><subfield code='d'>Sussex (England),</subfield><subfield code='e'>production place.</subfield><subfield code='2'>naf</subfield></datafield><datafield ind1='2' ind2=' ' tag='791'><subfield code='a'>Medieval and Early Modern Manuscripts Collection.</subfield></datafield><datafield ind1=' ' ind2=' ' tag='942'><subfield code='a'>16-05-007-P</subfield><subfield code='b'>MS 3327, Container 235</subfield></datafield><datafield ind1=' ' ind2=' ' tag='945'><subfield code='a'>blw</subfield></datafield><datafield ind1='2' ind2=' ' tag='979'><subfield code='a'>Medieval and Early Modern Manuscripts Collection.</subfield></datafield><datafield ind1=' ' ind2=' ' tag='994'><subfield code='a'>C0</subfield><subfield code='b'>HRH</subfield></datafield></record>
